@techreport{YHRen_gSLIC,
   author={Carl Yuheng Ren and Ian Reid},
   title={gSLIC: a real-time implementation of SLIC superpixel segmentation},
   institution={University of Oxford, Department of Engineering Science},
   year={2011}
}